<record><leader>00000cas a22000007a 4500</leader><controlfield tag="001">23087992</controlfield><controlfield tag="008">910211d19711974mouwr ne      0    0eng d</controlfield><datafield ind1=" " ind2=" " tag="010"><subfield code="a">sn 91061001 </subfield></datafield><datafield ind1=" " ind2=" " tag="040"><subfield code="a">MQN</subfield><subfield code="b">eng</subfield><subfield code="c">MQN</subfield><subfield code="d">OCLCQ</subfield></datafield><datafield ind1=" " ind2=" " tag="042"><subfield code="a">msc</subfield></datafield><datafield ind1="0" ind2="0" tag="245"><subfield code="a">Gerald star news.</subfield></datafield><datafield ind1=" " ind2=" " tag="260"><subfield code="a">Gerald, Mo. :</subfield><subfield code="b">O'Brien Enterprises,</subfield><subfield code="c">1971-1974.</subfield></datafield><datafield ind1=" " ind2=" " tag="300"><subfield code="a">v.</subfield></datafield><datafield ind1=" " ind2=" " tag="310"><subfield code="a">Weekly</subfield></datafield><datafield ind1="0" ind2=" " tag="362"><subfield code="a">Vol. 6, no. 21 (Dec. 15, 1971)-v. 9, no. 8 (Sept. 14 [i.e. Sept. 11], 1974).</subfield></datafield><datafield ind1=" " ind2="4" tag="651"><subfield code="a">Gerald (Mo.)</subfield><subfield code="v">Newspapers.</subfield></datafield><datafield ind1=" " ind2=" " tag="752"><subfield code="a">United States</subfield><subfield code="b">Missouri</subfield><subfield code="c">Franklin</subfield><subfield code="d">Gerald.</subfield></datafield><datafield ind1="0" ind2="0" tag="780"><subfield code="t">Gerald star (Gerald, Mo. : 1966)</subfield><subfield code="w">(DLC)sn 90061714</subfield></datafield><datafield ind1="0" ind2="0" tag="785"><subfield code="t">Gerald star (Gerald, Mo. : 1974)</subfield><subfield code="w">(DLC)sn 91061002</subfield></datafield><datafield ind1="1" ind2=" " tag="029"><subfield code="a">AU@</subfield><subfield code="b">000025896870</subfield></datafield></record>